@article{hinton2012deep,
  title={Deep neural networks for acoustic modeling in speech recognition: The shared views of four research groups},
  author={Hinton, Geoffrey and Deng, Li and Yu, Dong and Dahl, George E and Mohamed, Abdel-rahman and Jaitly, Navdeep and Senior, Andrew and Vanhoucke, Vincent and Nguyen, Patrick and Sainath, Tara N and others},
  journal={Signal Processing Magazine, IEEE},
  volume={29},
  number={6},
  pages={82--97},
  year={2012},
  publisher={IEEE}
}

@article{vesely2013sequence,
  title={Sequence-discriminative training of deep neural networks},
  author={Vesel{\`y}, Karel and Ghoshal, Arnab and Burget, Luk{\'a}{\v{s}} and Povey, Daniel},
  journal={in Proc. INTERSPEECH},
  year={2013}
}
@article{wulsin2011modeling,
  title={Modeling electroencephalography waveforms with semi-supervised deep belief nets: fast classification and anomaly measurement},
  author={Wulsin, DF and Gupta, JR and Mani, R and Blanco, JA and Litt, B},
  journal={Journal of neural engineering},
  volume={8},
  number={3},
  pages={036015},
  year={2011},
  publisher={IOP Publishing}
}
