
% Goldberger et al

@article{Ivanov1999mul,
	author="P. Ivanov and L. Amaral and A. Goldberger and S. Havlin and M. Rosenblum and Z. Struzik and H. Stanley",
	title="Multifractality in human heartbeat dynamics",
	journal="Nature",
	volume="399",
	pages="461-465",
	year="1999"
}

@inproceedings{Goldberger2002fra,
	author="A. Goldberger and L. Amaral and J. Hausdorff and P. Ivanov and C.-K. Peng",
	title="Fractal dynamics in physiology: Alternatins with disease and aging",
	booktitle="Proceedings of the National Academy of Sciences",
	volume="99",
	year="2002"
}

@article{Makikallio1999fra,
title={Fractal analysis of heart rate dynamics as a predictor of mortality in patients with depressed left ventricular function after acute myocardial infarction. TRACE Investigators. TRAndolapril Cardiac Evaluation.},
author={Mäkikallio, T.H. and Høiber, S. and Køber, L. and Torp-Pedersen, C. and Peng, C.K. and Goldberger, A.L. and Huikuri, H.V.},
journal={Am J Cardiol},
volume={83},
number={6},
pages={836-9},
year={1999}
}


% Clifford et al

@article{Nemati2011twa,
    author= {Nemati, S and Malhotra, A and Clifford, G D}, 
    title = {T-wave alternans patterns during sleep in healthy, cardiac disease, and sleep apnea patients}, 
   journal={Journal of Electrocardiology},
   year={2011},
   month={March},
   volume={44},
   number={2},
   pages={126-130}
}


% Moorman et al

@article{Clark2012bre,
title={Breath-by-breath analysis of cardiorespiratory interaction for quantifying developmental maturity in premature infants},
author={Clark, M.T. and Rusin, C.G. and Hudson, J.L. and Lee, H. and Delos, J.B. and Guin, L.E. and Vergales, B.D. and Paget-Brown, A. and Kattwinkel, J. and Lake, D.E. and Moorman, J.R.},
journal={J Appl Physiol},
volume={112},
number={5},
pages={859-67},
year={2012}
}

@article{Clark2012pre,
title={Predictive monitoring for respiratory decompensation leading to urgent unplanned intubation in the neonatal intensive care unit},
author={Clark, M.T. and Vergales, B.D. and Paget-Brown, A.O. and Smoot, T.J. and Lake, D.E. and Hudson, J.L. and Delos, J.B. and Kattwinkel, J. and Moorman, J.R.},
journal={Pediatr Res},
year={2012}
}

@article{Moorman2011mor,
title={Mortality reduction by heart rate characteristic monitoring in very low birth weight neonates: a randomized trial},
author={Moorman, J.R. and Carlo, W.A. and Kattwinkel, J. and Schelonka, R.L. and Porcelli, P.J. and Navarrete, C.T. and Bancalari, E. and Achner, J.L. and Walker, M.W.  and Perez, J.A. and Palmer, C. and Stukenborg, G.J. and Lake, D.E. and O'Shea, T.M.},
journal={The Journal of Pediatrics},
volume={159},
number={6},
pages={900-906},
year={2011}
}

@article{Moorman2011car,
title={Cardiovascular oscillations at the bedside: early diagnosis of neonatal sepsis using heart rate characteristics monitoring.},
author={Moorman, J.R. and Delos, J.B. and Flower, A.A. and Cao, H. and Kovatchev, B.P. and Richman, J.S. and Lake, D.E.},
journal={Physiol Meas},
volume={32},
number={11},
pages={1821-32},
year={2011}
}

% Saria

@phdthesis{SariaThesis2011,
	author = {Saria, S.},
	title =  {The Digital Patient: Machine Learning Techniques for Analyzing Electronic Health Record Data},
	year = {2011},
	school={Stanford University}
}

% Syed et al
@article{Syed2010mot,
 author = {Syed, Zeeshan and Stultz, Collin and Kellis, Manolis and Indyk, Piotr and Guttag, John},
 title = {Motif discovery in physiological datasets: A methodology for inferring predictive elements},
 journal = {ACM Trans. Knowl. Discov. Data},
 issue_date = {January 2010},
 volume = {4},
 number = {1},
 month = jan,
 year = {2010},
 issn = {1556-4681},
 pages = {2:1--2:23},
 articleno = {2},
 numpages = {23},
 url = {http://doi.acm.org/10.1145/1644873.1644875},
 doi = {10.1145/1644873.1644875},
 acmid = {1644875},
 publisher = {ACM},
 address = {New York, NY, USA},
 keywords = {Gibbs sampling, data mining, inference, knowledge discovery, motifs, physiological signals},
}

@inproceedings{Syed2010ide,
  author    = {Zeeshan Syed and
               John V. Guttag},
  title     = {Identifying Patients at Risk of Major Adverse Cardiovascular
               Events Using Symbolic Mismatch},
  booktitle = {NIPS},
  year      = {2010},
  pages     = {2262-2270}
}

% Other
@article{Ahmad2009con,
title={Continuous multi-parameter heart rate variability analysis heralds onset of sepsis in adults.},
author={Ahmad, S. and Ramsay, T. and Huebsch, L. and Flanagan, S. and McDiarmid, S. and Batkin, I. and McIntyre, L. and Sundaresan, S.R. and Maziak, D.E. and Shamji, F.M. and Hebert, P. and Fergusson, D. and Tinmouth, A. and Seely, A.J.E.},
journal={PLoS One},
volume={4},
number={8},
pages={e6642},
year={2009}
}

@mastersthesis{Shavdia2007,
title={Septic Shock: Providing Early Warnings through Multivariate Logistic Regression Models},
author={Shavdia, D.},
year={2012},
school={Massachusetts Institute of Technology}
}

@article{Chen2011uns,
title={Unstable QT interval dynamics precedes ventricular tachycardia onset in patients with acute myocardial infarction: a novel approach to detect instability in QT interval dynamics from clinical ECG.},
author={Chen, X. and Hu, Y. and Fetics, B.J. and Berger, R.D. and Trayanova, N.A.},
journal={Circ Arrhythm Electrophysiol},
volume={4},
number={6},
pages={858-66},
year={2011}
}

@article{Chen2013arr,
AUTHOR = {Chen, Xiaozhong and Tereshchenko, Larisa G and Berger, Ronald D and Trayanova, Natalia A},
TITLE = {Arrhythmia Risk Stratification based on QT Interval Instability An Intracardiac Electrocardiogram Study},
JOURNAL = {Heart Rhythm},
VOLUME = {},
YEAR = {2013}
}

@article{Brown1993imp,
title={Important influence of respiration on human R-R interval power spectra is largely ignored.},
author={Brown, T.E. and Beightol, L.A. and Koh, J. and Eckberg, D.L.},
journal={J Appl Physiol},
volume={75},
number={5},
pages={2310-7},
year={1993}
}

@article{Trayanova2006def,
title={Defibrillation of the heart: insights into mechanisms from modelling studies},
author={Trayanova, N.},
journal={Experiemntal Physiology},
volume={91},
number={2},
pages={323-337},
year={2006}
}

@article{Reisner2012com,
title={A computational model of hemorrhage and dehydration suggests a pathophysiological mechanism: Starling-mediated protein trapping.},
author={Reisner, A.T. and Heldt, T.},
journal={Am J Physiol Heart Circ Physiol},
year={2012}
}

% Optimal Decision References

@article{Chow1970,
title={On Optimum Recognition Error and Reject Tradeoff},
author={Chow, C. K.},
journal={IEEE Transactions on Information Theory},
volume={16},
number={1},
pages={41-46},
year={1970}
}

@article{,
title={},
author={},
journal={},
volume={},
number={},
pages={},
year={}
}

@article{GrallMaes2009,
        AUTHOR = "Grall Maes, E. and Beauseroy, P.",
        TITLE = "Optimal Decision Rule with Class-Selective Rejection and Performance
Constraints",
        JOURNAL = PAMI,
        VOLUME = "31",
        YEAR = "2009",
        NUMBER = "11",
        MONTH = "November",
        PAGES = "2073-2082"
}

@article{Santaniello2012,
title={Optimal Control-Based Bayesian Detection of Clinical and Behavioral State Transitions},
author={Santaniello S. and Sherman D. and Thakor N. and Eskandar E. and Sarma S. V.},
journal={IEEE Trans Neural Syst Rehabil Eng},
year={2012},
volume={20},
number={5},
pages={708-719}
} 
