
@inproceedings{Lin2003sax,
	author="Lin, J and Keogh, E and Lonardi, S and Chiu, B",
	title="A Symbolic Representation of Time Series, with Implications for Streaming Algorithms",
	booktitle="Data Mining and Knowledge Discovery",
	pages="2-11",
	year="2003"
}


@inproceedings{Esbroeck2012hrt,
    author= {Esbroeck,A V and Syed Z},
    title = {Cardiovascular Risk Stratification with Heart Rate Topics},
   journal={Computing in Cardiology},
   year={2012},
   pages={609-612}
}


@mastersthesis{Shavdia2007,
title={Septic Shock: Providing Early Warnings through Multivariate Logistic Regression Models},
author={Shavdia, D.},
year={2012},
school={Massachusetts Institute of Technology}
}


